@book{suttonAndBarto,
	title={Reinforcement Learning: An Introduction},
	author={R. S. Sutton and A. G. Barto},
	year={2018},
	publisher={MIT Press}
	address={}
}


@article{LevinePastorKrizhevsky,
	author = {Sergey Levine and Peter Pastor and Alex Krizhevsky and Julian Ibarz and Deirdre Quillen},
	title ={Learning hand-eye coordination for robotic grasping with deep learning and large-scale data collection},
	journal = {The International Journal of Robotics Research},
	volume = {37},
	number = {4-5},
	pages = {421-436},
	year = {2018},
}

@inproceedings{GuShixiangHolly,
	author = {Gu, Shixiang and Holly, Ethan and Lillicrap, Timothy and Levine, Sergey},
	title = {Deep Reinforcement Learning for Robotic Manipulation with Asynchronous Off-Policy Updates},
	year = {2017},
	publisher = {IEEE Press},
	url = {https://doi.org/10.1109/ICRA.2017.7989385},
	doi = {10.1109/ICRA.2017.7989385},
	booktitle = {2017 IEEE International Conference on Robotics and Automation (ICRA)},
	pages = {3389â€“3396},
	numpages = {8},
	location = {Singapore, Singapore}
}

@INPROCEEDINGS{8550363,
	author={Sangiovanni, Bianca and Rendiniello, Angelo and Incremona, Gian Paolo and Ferrara, Antonella and Piastra, Marco},
	booktitle={2018 European Control Conference (ECC)}, 
	title={Deep Reinforcement Learning for Collision Avoidance of Robotic Manipulators}, 
	year={2018},
	volume={},
	number={},
	pages={2063-2068},
	doi={10.23919/ECC.2018.8550363}}



@article{kaelblingLittmanAndMoore,
	title={Reinforcement learning: A survey},
	author={L. P. Kaelbling, M. L. Littman, and A. R. Moore,},
	journal={Journal of Artificial Intelligence Research},
	volume={4},
	number={},
	pages={237-285},
	year={1996},
	publisher={}
}




@misc{shiny1,
	author =       {RStudio},
	title =        {Welcome to Shiny},
	date = {2017-01-01},
	note=  {\url{https://shiny.rstudio.com/tutorial/written-tutorial/lesson1/}},
	urldate =      {2017-10-20}
}


